@article{ledoit2004well,
  title={A well-conditioned estimator for large-dimensional covariance matrices},
  author={Ledoit, O. and Wolf, M.},
  journal={Journal of multivariate analysis},
  volume={88},
  number={2},
  pages={365--411},
  year={2004},
  publisher={Elsevier}
}

@article{touloumis2015nonparametric,
  title={Nonparametric Stein-type shrinkage covariance matrix estimators in high-dimensional settings},
  author={Touloumis, A.},
  journal={Computational Statistics \& Data Analysis},
  volume={83},
  pages={251--261},
  year={2015},
  publisher={Elsevier}
}

@book{nesterov2004introductory,
  title={Introductory Lectures on Convex Optimization: A Basic Course},
  author={Nesterov, Yurii},
  year={2004},
  publisher={Kluwer, Norwell}
}

@article{atchade2015scalable,
  title={Scalable Computation of Regularized Precision Matrices via Stochastic Optimization},
  author={Atchad{\'e}, Yves F and Mazumder, Rahul and Chen, Jie},
  journal={arXiv preprint arXiv:1509.00426},
  year={2015}
}

@article{mazumder2012graphical,
  title={The graphical lasso: New insights and alternatives},
  author={Mazumder, Rahul and Hastie, Trevor},
  journal={Electronic Journal of Statistics},
  volume={6},
  pages={2125--2149},
  year={2012},
  publisher={Institute of Mathematical Statistics}
}


@article{o2016conic,
  title={Conic optimization via operator splitting and homogeneous self-dual embedding},
  author={O’donoghue, Brendan and Chu, Eric and Parikh, Neal and Boyd, Stephen},
  journal={Journal of Optimization Theory and Applications},
  volume={169},
  number={3},
  pages={1042--1068},
  year={2016},
  publisher={Springer}
}


@book{BV2004,
	Author = {Stephen Boyd and Lieven Vandenberghe},
	Publisher = {Cambridge University Press, Cambridge},
	Title = {Convex Optimization},
	Year = {2004}}
	
@book{hastie2015statistical,
  title={Statistical learning with sparsity: the lasso and generalizations},
  author={Hastie, Trevor and Tibshirani, Robert and Wainwright, Martin},
  year={2015},
  publisher={Chapman and Hall/CRC}
}

@article{bertsimas2011theory,
  title={Theory and applications of robust optimization},
  author={Bertsimas, D. and Brown, D.B. and Caramanis, C.},
  journal={SIAM review},
  volume={53},
  number={3},
  pages={464--501},
  year={2011},
  publisher={SIAM}
}

@book{ben2009robust,
  title={Robust optimization},
  author={Ben-Tal, A. and El Ghaoui, L. and Nemirovski, A.},
  volume={28},
  year={2009},
  publisher={Princeton University Press}
}
@article{ledoit2004honey,
  title={Honey, I shrunk the sample covariance matrix},
  author={Ledoit, O. and Wolf, M.},
  journal={The Journal of Portfolio Management},
  volume={30},
  number={4},
  pages={110--119},
  year={2004},
  publisher={Institutional Investor Journals}
}

@article{ledoit2003improved,
  title={Improved estimation of the covariance matrix of stock returns with an application to portfolio selection},
  author={Ledoit, O. and Wolf, M.},
  journal={Journal of empirical finance},
  volume={10},
  number={5},
  pages={603--621},
  year={2003},
  publisher={Elsevier}
}



@article{schafer2004empirical,
  title={An empirical Bayes approach to inferring large-scale gene association networks},
  author={Sch{\"a}fer, J. and Strimmer, K.},
  journal={Bioinformatics},
  volume={21},
  number={6},
  pages={754--764},
  year={2004},
  publisher={Oxford University Press}
}

@article{schafer2005shrinkage,
  title={A shrinkage approach to large-scale covariance matrix estimation and implications for functional genomics},
  author={Sch{\"a}fer, J. and Strimmer, K.},
  journal={Statistical applications in genetics and molecular biology},
  volume={4},
  number={1},
  year={2005}
}

@article{lancewicki2014multi,
  title={Multi-target shrinkage estimation for covariance matrices},
  author={Lancewicki, T. and Aladjem, M.},
  journal={IEEE Transactions on Signal Processing},
  volume={62},
  number={24},
  pages={6380--6390},
  year={2014},
  publisher={IEEE}
}

@article{bickel2008,
  title={Covariance regularization by thresholding},
  author={Bickel, P.J. and Levina, E.},
  journal={The Annals of Statistics},
  pages={2577--2604},
  year={2008},
  publisher={JSTOR}
}

@article{friedman2008,
  title={Sparse inverse covariance estimation with the graphical lasso},
  author={Friedman, J. and  Hastie, T. and Tibshirani, R.},
  journal={Biostatistics},
  volume = {9(3)},
  pages={432-441},
  year={2008}
}

@article{mazumder2012,
  title={The graphical lasso: New insights and alternatives},
  author={Mazumder, R. and Hastie, T.},
  journal={Electronic journal of statistics},
  volume = {6},
  pages={p.2125},
  year={2012}
}

@article{cai2011,
  title={A constrained L1 minimization approach to sparse precision matrix estimation},
  author={Cai, T. and Liu, W. and Luo, X.},
  journal={Journal of the American Statistical Association},
  volume = {106(494)},
  pages={594-607},
  year={2011}
}





@article{dey2019,
  title={Empirical Bayes shrinkage estimation of correlations, with applications},
  author={Dey, K.K. and Stephens, M},
  journal={bioRxiv},
  doi = {10.1101/368316},
  year={2018},
  publisher={Cold Spring Harbor Laboratory}
}

@article{rothman2009,
  title={Generalized thresholding of large covariance matrices},
  author={Rothman, A.J. and Levina, E. and Zhu, J.},
  journal={Journal of the American Statistical Association},
  volume={104},
  number={485},
  pages={177--186},
  year={2009},
  publisher={Taylor \& Francis}
}

@article{rothman2012,
  title={ Positive definite estimators of large covariance matrices},
  author={Rothman, A J},
  journal={Biometrika},
  volume={99},
  number={3},
  pages={733--740},
  year={2012}
}

@article{law2014,
  title={voom: Precision weights unlock linear model analysis tools for RNA-seq read counts},
  author={Law, C.W. and  Chen, Y. and Shi, W. and Smyth, G.K.},
  journal={Genome biology},
  volume={15},
  number={2},
  pages={R29},
  year={2014}
}


@article{bien2011sparse,
  title={Sparse estimation of a covariance matrix},
  author={Bien, J. and Tibshirani, R.J.},
  journal={Biometrika},
  volume={98},
  number={4},
  pages={807--820},
  year={2011},
  publisher={Oxford University Press}
}

@article{gavish2014optimal,
  title={The optimal hard threshold for singular values is $4/\sqrt {3} $},
  author={Gavish, M. and Donoho, D.L.},
  journal={IEEE Transactions on Information Theory},
  volume={60},
  number={8},
  pages={5040--5053},
  year={2014},
  publisher={IEEE}
}

@article{mazumder2010spectral,
  title={Spectral regularization algorithms for learning large incomplete matrices},
  author={Mazumder, R. and Hastie, T. and Tibshirani, R.},
  journal={Journal of machine learning research},
  volume={11},
  number={Aug},
  pages={2287--2322},
  year={2010}
}


@article{witten2011,
  title={New insights and faster computations for the graphical lasso},
  author={Witten, D.M. and Friedman, J.H. and Simon, N.},
  journal={Journal of Computational and Graphical Statistics},
  volume={20(4)},
  pages={892-900},
  year={2011}
}

@article{meinshausen2006,
  title={High-dimensional graphs and variable selection with the lasso},
  author={Meinshausen, N. and Buhlmann, P.},
  journal={The annals of statistics},
  pages={1436-1462},
  year={2006}
}


@article{stephens2016,
  title={False discovery rates: a new deal},
  author={Stephens, M.},
  journal={Biostatistics},
  volume={18(2)},
  pages={275--294},
  year={2016}
}

@article{koenker2014,
  title={Convex optimization, shape constraints, compound decisions, and empirical Bayes rules},
  author={Koenker, R. and Mizera, I.},
  journal={Journal of the American Statistical Association},
  volume={109(506)},
  pages={674--685},
  year={2014}
}


@article{mazumder2015,
  title={softImpute: Matrix Completion via Iterative Soft-Thresholded SVD},
  author={Hastie, T. and Mazumder, R.},
  journal={R package version, 1.},
  year={2015}
}

@article{fan2016,
  title={Approaches to High-Dimensional Covariance and Precision Matrix Estimation},
  author={Fan, J. and Liao, Y. and Liu, H.},
  journal={Financial Signal Processing and Machine Learning},
  pages ={100-134},
  year={2016}
}


@article{higham2002,
  title={Computing the nearest correlation matrix—a problem from finance},
  author={Higham, N.J.},
  journal={IMA journal of Numerical Analysis},
  volume={22(3)},
  pages={329--343},
  year={2002}
}

@article{mikolov2013a,
  title={Distributed representations of words and phrases and their compositionality},
  author={Mikolov, T. and Sutskever, I. and Chen, K. and Corrado, G.S. and Dean, J.},
  journal={In Advances in neural information processing systems },
  pages={3111--3119},
  year={2013}
}

@article{schmidt,
  title={wordVectors: Tools for creating and analyzing
  vector-space models of texts},
  author={Schmidt, B. and Li, J.},
  journal={R package version 2.0.
  http://github.com/bmschmidt/wordVectors}
}

@article{pennington2014,
  title={GloVe: Global Vectors for Word Representation},
  author={Pennington, J. and Socher, R. and Manning, C.D.}
}

@article{efron1981,
  title={Nonparametric estimates of standard error: the jackknife, the bootstrap and other methods},
  author={Efron, B.},
  journal={Biometrika},
  volume={68(3)},
  pages={589-599},
  year={1981}
}

@article{diaconis1983,
  title={Computer-intensive methods in statistics},
  author={Diaconis, P. and Efron, B.},
  journal={Scientific American},
  volume={248(5)},
  pages={116-131},
  year={1983}
}


@article{Lonsdale2013,
  title={The genotype-tissue expression (GTEx) project},
  author={Lonsdale, J. and Thomas, J. and Salvatore, M. and Phillips, R. and Lo, E. and Shad, S. and Hasz, R. and Walters, G. and Garcia, F. and Young, N. and Foster, B.},
  journal={Nature genetics},
  volume={45(6)},
  pages={580},
  year={2013}
}


@article{gtex2015,
  title={The Genotype-Tissue Expression (GTEx) pilot analysis: multitissue gene regulation in humans},
  author={GTEx Consortium},
  journal={Science},
  volume={348(6235)},
  pages={648-660},
  year={2015}
}

@article{gtex2017,
  title={Genetic effects on gene expression across human tissues},
  author={GTEx Consortium},
  journal={Nature},
  volume={550(7675)},
  pages={204},
  year={2017}
}

@article{Aguet2019,
  title={The GTEx Consortium atlas of genetic regulatory effects across human tissues},
  author={Aguet, F. and others},
  journal={BioRxiv},
  pages={787903},
  year={2019}
}

@article{Urbut2019,
  title={Flexible statistical methods for estimating and testing effects in genomic studies with multiple conditions},
  author={Urbut, S.M. and others},
  journal={Nature genetics},
  volume={51(1)},
  pages={187-195},
  year={2019}
}


@article{Herdin2005,
  title={Correlation matrix distance, a meaningful measure for evaluation of non-stationary MIMO channels},
  author={Herdin, M. and Czink, N. and Ozcelik, H. and Bonek, E.},
  journal={In Vehicular Technology Conference, 2005. VTC 2005-Spring. 2005 IEEE 61st},
  volume={1},
  pages={136-140},
  year={2005}
}



@article{fisher1915,
  title={Frequency distribution of the values of the correlation coefficient in samples from an indefinitely large population},
  author={Fisher, R.A.},
  journal={Biometrika},
  volume={10(4)},
  pages={507-521},
  year={1915}
}


@article{fisher1921,
  title={On the probable error of a coefficient of correlation deduced from a small sample},
  author={Fisher, R.A.},
  journal={Metron},
  volume={1},
  pages={3-32},
  year={1921}
}

@article{varin2011,
  title={An overview of composite likelihood methods},
  author={Varin, C. and Reid, N. and Firth, D.},
  journal={Statistica Sinica},
  volume ={21},
  pages={5-42},
  year={2011}
}


@article{wang2018,
  title={Empirical Bayes matrix factorization},
  author={Wang, W. and Stephens, M.},
  journal={aRxiv},
  pages={1802.06931},
  year={2018}
}


@article{xing2016,
  title={Smoothing via Adaptive Shrinkage (smash): denoising Poisson and heteroskedastic Gaussian signals},
  author={Xing, Z. and Stephens, M.},
  journal={arXiv preprint arXiv:1605.07787.},
  year={2016}
}

@article{bishara2015,
  title={Reducing bias and error in the correlation coefficient due to nonnormality},
  author={Bishara, A.J. and Hittner, J.B.},
  journal={Educational and psychological measurement},
  volume={75(5)},
  pages={785-804},
  year={2015}
}

@article{bishara2017,
  title={Confidence intervals for correlations when data are not normal},
  author={Bishara, A.J. and Hittner, J.B.},
  journal={Behavior research methods},
  volume={49(1)},
  pages={294-309},
  year={2017}
}

@article{fany2016,
  title={Innovated scalable efficient estimation in ultra-large Gaussian graphical models},
  author={Fan, Y. and Lv, J.},
  journal={ The Annals of Statistics},
  volume={44(5)},
  pages={2098-2126},
  year={2016}
}


@article{lek2016,
  title={Analysis of protein-coding genetic variation in 60,706 humans},
  author={Lek, M. and others},
  journal={Nature},
  volume={536(7616)},
  pages={285},
  year={2016}
}

@article{cassa2017,
  title={Estimating the selective effects of heterozygous protein-truncating variants from human exome data},
  author={Cassa, C.A. and others},
  journal={Nature genetics},
  volume={49(5)},
  pages={806},
  year={2017}
}

@article{eisenberg2013,
  title={Human housekeeping genes, revisited.},
  author={Eisenberg, E. and Levanon, E.Y.},
  journal={TRENDS in Genetics},
  volume={29(10)},
  pages={569-574},
  year={2013}
}

@article{Kamburov2012,
  title={ The ConsensusPathDB interaction database: 2013 update.},
  author={Kamburov, A. and others},
  journal={ Nucleic acids research},
  volume={41(D1)},
  pages={D793-D800},
  year={2012}
}

@article{subramaniam2005,
  title={Gene set enrichment analysis: a knowledge-based approach for interpreting genome-wide expression profiles.},
  author={Subramanian, A. and others},
  journal={Proceedings of the National Academy of Sciences},
  volume={102(43)},
  pages={pp.15545-15550},
  year={2005}
}

@article{Finucane2015,
author = {Finucane, H.K. and Bulik-Sullivan, B. and Gusev, A. and Trynka, G. and Reshef, Y. and Loh, P.R. and Anttila, V. and Xu, H. and  Zang, C. and Farh, K. and Ripke, S.},
journal = {Nature genetics},
pages = {1228},
publisher = {Nature Publishing Group, a division of Macmillan Publishers Limited. All Rights Reserved.},
title = {{Partitioning heritability by functional annotation using genome-wide association summary statistics}},
volume = {47},
issue = {11},
year = {2015}
}

@article{gazal2017,
  title={Linkage disequilibrium–dependent architecture of human complex traits shows action of negative selection},
  author={Gazal, S. and others},
  journal={Nat. Genet},
  volume={49 (10)},
  pages={1421},
  year={2017}
}

@article{dey2017,
  title={Visualizing the structure of RNA-seq expression data using grade of membership models},
  author={Dey, K.K. and Hsiao, C.J. and Stephens, M.},
  journal={PLoS genetics},
  volume={13 (3)},
  pages={p.e1006599},
  year={2017}
}

@article{Liu2017,
author = {Liu, Y. and Sarkar, A. and Kellis, M.},
journal = {Genome Biology},
title = {{Evidence of a recombination rate valley in human regulatory domains}},
pages = {193},
year = {2017}
}

@article{Finucane2018,
author = {Finucane, H.K. and Reshef, Y.A. and Anttila, V. and Slowikowski, K. and Gusev, A. and Byrnes, A. and others},
journal = {Nature genetics},
pages = {621},
publisher = {Nature Publishing Group, a division of Macmillan Publishers Limited. All Rights Reserved.},
title = {{Heritability enrichment of specifically expressed genes identifies disease-relevant tissues and cell types}},
volume = {50},
issue = {4},
year = {2018}
}

@article{gazal2018,
  title={Functional architecture of low-frequency variants highlights strength of negative selection across coding and non-coding annotations},
  author={Gazal, S. and others},
  journal={Nat. Genet},
  volume={50},
  pages={1600-1607},
  year={2018}
}

@article{Hormozdiari2018,
  title={Leveraging molecular quantitative trait loci to understand the genetic architecture of diseases and complex traits.},
  author={Hormozdiari, F. and others},
  journal={Nature genetics},
  volume={50(7)},
  pages={1041},
  year={2018}
}

@article{Hormozdiari2019,
  title={Functional disease architectures reveal unique biological role of transposable elements},
  author={Hormozdiari, F.I. and others},
  journal={bioRxiv},
  pages={p.482281},
  year={2019}
}

@article{Kim2019,
author = {Kim, S.S. and others},
journal = {The American Journal of Human Genetics},
title = {{Genes with high network connectivity are enriched for disease heritability}},
volume = {104},
issue = {5},
pages = {pp.896-913},
year = {2019}
}

@article{Kundaje2015,
author = {Kundaje, A. and others},
journal = {Nature},
pages = {317},
title = {{Integrative analysis of 111 reference human epigenomes}},
volume = {518},
issue = {7539},
year = {2015}
}

@article{Bycroft2018,
  title={The UK Biobank resource with deep phenotyping and genomic data.},
  author={Bycroft, C. and others},
  journal={Nature},
  volume={562(7726)},
  pages={p.203},
  year={2018}
}

@article{okada2014,
  title={Genetics of rheumatoid arthritis contributes to biology and drug discovery},
  author={Okada, Y. and others},
  journal={Nature},
  volume={506},
  pages={376-381},
  year={2014}
}

@article{jostins2012,
  title={Host-microbe interactions have shaped the genetic architecture of inflammatory bowel disease},
  author={Jostins, L. and others},
  journal={Nature},
  volume={491},
  pages={119-124},
  year={2012}
}

@article{sudlow2015,
  title={UK biobank: an open access resource for identifying the causes of a wide range of complex diseases of middle and old age},
  author={Sudlow, C. and others},
  journal={PLoS medicine},
  volume={12 (3)},
  pages={p.e1001779},
  year={2015}
}

@article{tobacco2010,
  title={Genome-wide meta-analyses identify multiple loci associated with smoking behavior},
  author={Tobacco and Genetics Consortium, .},
  journal={Nature genetics},
  volume={42},
  pages={441-447},
  year={2010}
}

@article{lango2010,
  title={Hundreds of variants clustered in genomic loci and biological pathways affect human height},
  author={Lango, A. and others},
  journal={Nature},
  volume={467},
  pages={832-838},
  year={2010}
}

@article{speliotes2010,
  title={Association analyses of 249,796 individuals reveal 18 new loci associated with body mass index},
  author={Speliotes, E.K. and others},
  journal={Nature genetics},
  volume={42},
  pages={937-948},
  year={2010}
}

@article{perry2014,
  title={Parent-of-origin-specific allelic associations among 106 genomic loci for age at menarche},
  author={Perry, J.R. and others},
  journal={Nature},
  volume={514},
  pages={92-97},
  year={2014}
}

@article{day2017,
  title={ Genomic analyses identify hundreds of variants associated with age at menarche and support a role for puberty timing in cancer risk},
  author={Day, F.R. and others},
  journal={Nature genetics},
  volume={49},
  issue={6},
  pages={834},
  year={2017}
}


@article{teslovich2010,
  title={Biological, clinical and population relevance of 95 loci for blood lipids},
  author={Teslovich, T.M. and others},
  journal={Nature},
  volume={466},
  pages={707-713},
  year={2010}
}

@article{schunkert2011,
  title={Large-scale association analysis identifies 13 new susceptibility loci for coronary artery disease},
  author={Schunkert, H. and others},
  journal={Nature genetics},
  volume={43},
  pages={333-338},
  year={2011}
}

 @article{morris2012,
  title={Large-scale association analysis provides insights into the genetic architecture and pathophysiology of type 2 diabetes},
  author={Morris, A.P. and others},
  journal={Nature genetics},
  volume={44},
  pages={981-990},
  year={2012}
}

@article{manning2012,
  title={A genome-wide approach accounting for body mass index identifies genetic variants influencing fasting glycemic traits and insulin resistance},
  author={Manning, A.K. and others},
  journal={Nature genetics},
  volume={44},
  pages={659-669},
  year={2012}
}

@article{psych2011,
  title={Large-scale genome-wide association analysis of bipolar disorder identifies a new susceptibility locus near ODZ4},
  author={Psychiatric GWAS Consortium Bipolar Disorder Working Group,},
  journal={Nature genetics},
  volume={43},
  pages={977-983},
  year={2011}
}

@article{rietveld2013,
  title={GWAS of 126,559 individuals identifies genetic variants associated with educational attainment},
  author={Rietveld, C.A. and others},
  journal={Science},
  volume={340},
  pages={1467-1471},
  year={2013}
}

@article{okbay2016,
  title={Genome-wide association study identifies 74 loci associated with educational attainment},
  author={Okbay, A. and others},
  journal={Nature},
  volume={533},
  issue={7604},
  pages={539},
  year={2016}
}


@article{Bentham2015,
author = {Bentham, J. and others},
journal = {Nature genetics},
title = {{Genetic association analyses implicate aberrant regulation of innate and adaptive immunity genes in the pathogenesis of systemic lupus erythematosus.}},
volume = {47(12)},
pages = {p.1457},
year = {2015}
}

@article{Dubois2010,
author = {Dubois, P.C. and others},
journal = {Nature genetics},
title = {{Multiple common variants for celiac disease influencing immune gene expression.}},
volume = {42(4)},
pages = {p.295},
year = {2010}
}

@article{Barban2016,
  title={Genome-wide analysis identifies 12 loci influencing human reproductive behavior.},
  author={Barban, N. and others},
  journal={Nature genetics},
  volume={48(12)},
  pages={p.1462},
  year={2016}
}

@book{Boyd2004,
  title={Convex optimization},
  author={Boyd, S. and Boyd, S.P. and Vandenberghe, L},
  publisher={Cambridge university press},
  year={2004}
}

@article{Fu2017,
  title={CVXR: An R package for disciplined convex optimization.},
  author={Fu, A. and Narasimhan, B. and Boyd, S.},
  journal={arXiv preprint arXiv:1711.07582},
  year={2017}
}

@article{boraska2014,
  title={A genome-wide association study of anorexia nervosa.},
  author={Boraska, V. and others},
  journal={Molecular psychiatry},
  volume={19(10)},
  pages={p.1085},
  year={2014}
}

@article{pgc2013,
  title={Identification of risk loci with shared effects on five major psychiatric disorders: a genome-wide analysis.},
  author={Cross-Disorder Group of the Psychiatric Genomics Consortium,},
  journal={The Lancet},
  volume={381(9875)},
  pages={p.1371-1379},
  year={2013}
}


@article{deLeeuw2015,
  title={MAGMA: generalized gene-set analysis of GWAS data.},
  author={de Leeuw, C.A. and others},
  journal={PLoS computational biology},
  volume={11(4)},
  year={2015}
}

@article{1000G2015,
  title={A global reference for human genetic variation},
  author={Consortium, 1000 Genomes Project},
  journal={Molecular cell},
  volume={526(7571)},
  pages={p.68},
  year={2015}
}

@article{Dempster1977,
  title={Maximum likelihood from incomplete data via the EM algorithm},
  author={Dempster, A.P. and Laird, N.M. and Rubin, D.B.},
  journal={Journal of the Royal Statistical Society: Series B (Methodological)},
  volume={39(1)},
  pages={p.1-22},
  year={1977}
}

@article{Sulis2017,
  title={Handling missing data in item response theory. Assessing the accuracy of a multiple imputation procedure based on latent class analysis},
  author={Sulis, I. and Porcu, M.},
  journal={Journal of Classification},
  volume={34(2)},
  pages={p.327-359},
  year={2017}
}

@article{Bauermeister2019,
  title={A psychometric evaluation of the 12-item EPQ-R neuroticism scale in 384,183 UK Biobank participants using item response theory (IRT)},
  author={Bauermeister, S. and Gallacher, J.},
  journal={BioRxiv},
  pages={p.741249},
  year={2019}
}

@article{Rose2010,
  title={Modeling nonignorable missing data with item response theory (IRT)},
  author={Rose, N. and  Von Davier, M. and Xu, X.},
  journal={ETS Research Report Series},
  volume={1},
  pages={p.i-53},
  year={2010}
}

